<marcxml:record xmlns:xlink="http://www.w3.org/1999/xlink" xmlns:marcxml="http://www.loc.gov/MARC21/slim" xmlns:rdf="http://www.w3.org/1999/02/22-rdf-syntax-ns#" xmlns:madsrdf="http://www.loc.gov/mads/rdf/v1#" xmlns:ri="http://id.loc.gov/ontologies/RecordInfo#" xmlns:xsi="http://www.w3.org/2001/XMLSchema-instance" xmlns:mets="http://www.loc.gov/METS/" xmlns:idx="info:lc/xq-modules/lcindex" xmlns:bfidx="info:lc/xq-modules/bfidx" xmlns:semtriples="http://marklogic.com/semantic" xmlns:bf="http://id.loc.gov/ontologies/bibframe/" xmlns:bflc="http://id.loc.gov/ontologies/bflc/" xmlns:bfsimple="http://id.loc.gov/ontologies/bfsimple/" xmlns:dcterms="http://purl.org/dc/terms/">
  <marcxml:leader>03769cam a2200745 i 4500</marcxml:leader>
  <marcxml:controlfield tag="001">20715337</marcxml:controlfield>
  <marcxml:controlfield tag="005">20210830130341.0</marcxml:controlfield>
  <marcxml:controlfield tag="008">181022t20192019maua   j 6    000 1 eng d</marcxml:controlfield>
  <marcxml:datafield ind1=" " ind2=" " tag="906">
    <marcxml:subfield code="a">7</marcxml:subfield>
    <marcxml:subfield code="b">cbc</marcxml:subfield>
    <marcxml:subfield code="c">copycat</marcxml:subfield>
    <marcxml:subfield code="d">2</marcxml:subfield>
    <marcxml:subfield code="e">ncip</marcxml:subfield>
    <marcxml:subfield code="f">20</marcxml:subfield>
    <marcxml:subfield code="g">y-gencatlg</marcxml:subfield>
  </marcxml:datafield>
  <marcxml:datafield ind1="0" ind2=" " tag="925">
    <marcxml:subfield code="a">acquire</marcxml:subfield>
    <marcxml:subfield code="b">1 shelf copy</marcxml:subfield>
    <marcxml:subfield code="x">policy default</marcxml:subfield>
  </marcxml:datafield>
  <marcxml:datafield ind1=" " ind2=" " tag="955">
    <marcxml:subfield code="a">pc22 2018-10-22</marcxml:subfield>
    <marcxml:subfield code="a">xn11 2019-07-27 1 copy rec'd., to USPRLL</marcxml:subfield>
    <marcxml:subfield code="b">xk25 2019-07-27 z-processor</marcxml:subfield>
    <marcxml:subfield code="i">xk02 2020-08-06 to CALM (telework/OT)</marcxml:subfield>
  </marcxml:datafield>
  <marcxml:datafield ind1=" " ind2=" " tag="010">
    <marcxml:subfield code="a">  2018962223</marcxml:subfield>
  </marcxml:datafield>
  <marcxml:datafield ind1=" " ind2=" " tag="020">
    <marcxml:subfield code="a">9781536204988</marcxml:subfield>
    <marcxml:subfield code="q">(hardback)</marcxml:subfield>
  </marcxml:datafield>
  <marcxml:datafield ind1=" " ind2=" " tag="020">
    <marcxml:subfield code="a">1536204986</marcxml:subfield>
    <marcxml:subfield code="q">(hardback)</marcxml:subfield>
  </marcxml:datafield>
  <marcxml:datafield ind1=" " ind2=" " tag="035">
    <marcxml:subfield code="a">(OCoLC)on1048944680</marcxml:subfield>
  </marcxml:datafield>
  <marcxml:datafield ind1=" " ind2=" " tag="040">
    <marcxml:subfield code="a">YDX</marcxml:subfield>
    <marcxml:subfield code="b">eng</marcxml:subfield>
    <marcxml:subfield code="c">YDX</marcxml:subfield>
    <marcxml:subfield code="e">rda</marcxml:subfield>
    <marcxml:subfield code="d">BDX</marcxml:subfield>
    <marcxml:subfield code="d">OCLCQ</marcxml:subfield>
    <marcxml:subfield code="d">BYV</marcxml:subfield>
    <marcxml:subfield code="d">XY4</marcxml:subfield>
    <marcxml:subfield code="d">OCLCO</marcxml:subfield>
    <marcxml:subfield code="d">JNE</marcxml:subfield>
    <marcxml:subfield code="d">TCH</marcxml:subfield>
    <marcxml:subfield code="d">NZAUC</marcxml:subfield>
    <marcxml:subfield code="d">UAB</marcxml:subfield>
    <marcxml:subfield code="d">SO$</marcxml:subfield>
    <marcxml:subfield code="d">OCLCF</marcxml:subfield>
    <marcxml:subfield code="d">IDLEW</marcxml:subfield>
    <marcxml:subfield code="d">LMJ</marcxml:subfield>
    <marcxml:subfield code="d">SOM</marcxml:subfield>
    <marcxml:subfield code="d">OCLCO</marcxml:subfield>
    <marcxml:subfield code="d">EHH</marcxml:subfield>
    <marcxml:subfield code="d">DLC</marcxml:subfield>
  </marcxml:datafield>
  <marcxml:datafield ind1=" " ind2=" " tag="042">
    <marcxml:subfield code="a">lccopycat</marcxml:subfield>
  </marcxml:datafield>
  <marcxml:datafield ind1="0" ind2="0" tag="050">
    <marcxml:subfield code="a">PZ7.7.M4453</marcxml:subfield>
    <marcxml:subfield code="b">Qu 2019</marcxml:subfield>
  </marcxml:datafield>
  <marcxml:datafield ind1="0" ind2="4" tag="082">
    <marcxml:subfield code="a">741.5</marcxml:subfield>
    <marcxml:subfield code="2">23</marcxml:subfield>
  </marcxml:datafield>
  <marcxml:datafield ind1="1" ind2=" " tag="100">
    <marcxml:subfield code="a">Meconis, Dylan,</marcxml:subfield>
    <marcxml:subfield code="e">author,</marcxml:subfield>
    <marcxml:subfield code="e">illustrator.</marcxml:subfield>
  </marcxml:datafield>
  <marcxml:datafield ind1="1" ind2="0" tag="245">
    <marcxml:subfield code="a">Queen of the sea /</marcxml:subfield>
    <marcxml:subfield code="c">Dylan Meconis.</marcxml:subfield>
  </marcxml:datafield>
  <marcxml:datafield ind1=" " ind2=" " tag="250">
    <marcxml:subfield code="a">First edition.</marcxml:subfield>
  </marcxml:datafield>
  <marcxml:datafield ind1=" " ind2="1" tag="264">
    <marcxml:subfield code="a">Somerville, Massachusetts :</marcxml:subfield>
    <marcxml:subfield code="b">Walker Books U.S., a division of Candlewick Press,</marcxml:subfield>
    <marcxml:subfield code="c">2019.</marcxml:subfield>
  </marcxml:datafield>
  <marcxml:datafield ind1=" " ind2="4" tag="264">
    <marcxml:subfield code="c">©2019</marcxml:subfield>
  </marcxml:datafield>
  <marcxml:datafield ind1=" " ind2=" " tag="300">
    <marcxml:subfield code="a">393 pages :</marcxml:subfield>
    <marcxml:subfield code="b">chiefly color illustrations ;</marcxml:subfield>
    <marcxml:subfield code="c">27 cm</marcxml:subfield>
  </marcxml:datafield>
  <marcxml:datafield ind1=" " ind2=" " tag="336">
    <marcxml:subfield code="a">text</marcxml:subfield>
    <marcxml:subfield code="b">txt</marcxml:subfield>
    <marcxml:subfield code="2">rdacontent</marcxml:subfield>
  </marcxml:datafield>
  <marcxml:datafield ind1=" " ind2=" " tag="336">
    <marcxml:subfield code="a">still image</marcxml:subfield>
    <marcxml:subfield code="b">sti</marcxml:subfield>
    <marcxml:subfield code="2">rdacontent</marcxml:subfield>
  </marcxml:datafield>
  <marcxml:datafield ind1=" " ind2=" " tag="337">
    <marcxml:subfield code="a">unmediated</marcxml:subfield>
    <marcxml:subfield code="b">n</marcxml:subfield>
    <marcxml:subfield code="2">rdamedia</marcxml:subfield>
  </marcxml:datafield>
  <marcxml:datafield ind1=" " ind2=" " tag="338">
    <marcxml:subfield code="a">volume</marcxml:subfield>
    <marcxml:subfield code="b">nc</marcxml:subfield>
    <marcxml:subfield code="2">rdacarrier</marcxml:subfield>
  </marcxml:datafield>
  <marcxml:datafield ind1=" " ind2=" " tag="520">
    <marcxml:subfield code="a">"When her sister seizes the throne, Queen Eleanor of Albion is banished to a tiny island off the coast of her kingdom, where the nuns of the convent spend their days peacefully praying, sewing, and gardening. But the island is also home to Margaret, a mysterious young orphan girl whose life is upturned when the cold, regal stranger arrives. As Margaret grows closer to Eleanor, she grapples with the revelation of the island's sinister true purpose as well as the truth of her own past. When Eleanor's life is threatened, Margaret is faced with a perilous choice between helping Eleanor and protecting herself."--Provided by publisher.</marcxml:subfield>
  </marcxml:datafield>
  <marcxml:datafield ind1=" " ind2="0" tag="650">
    <marcxml:subfield code="a">Queens</marcxml:subfield>
    <marcxml:subfield code="v">Comic books, strips, etc.</marcxml:subfield>
  </marcxml:datafield>
  <marcxml:datafield ind1=" " ind2="0" tag="650">
    <marcxml:subfield code="a">Exiles</marcxml:subfield>
    <marcxml:subfield code="v">Comic books, strips, etc.</marcxml:subfield>
  </marcxml:datafield>
  <marcxml:datafield ind1=" " ind2="0" tag="650">
    <marcxml:subfield code="a">Convents</marcxml:subfield>
    <marcxml:subfield code="v">Comic books, strips, etc.</marcxml:subfield>
  </marcxml:datafield>
  <marcxml:datafield ind1=" " ind2="0" tag="650">
    <marcxml:subfield code="a">Orphans</marcxml:subfield>
    <marcxml:subfield code="v">Comic books, strips, etc.</marcxml:subfield>
  </marcxml:datafield>
  <marcxml:datafield ind1=" " ind2="0" tag="650">
    <marcxml:subfield code="a">Female friendship</marcxml:subfield>
    <marcxml:subfield code="v">Comic books, strips, etc.</marcxml:subfield>
  </marcxml:datafield>
  <marcxml:datafield ind1=" " ind2="0" tag="650">
    <marcxml:subfield code="a">Pretenders to the throne</marcxml:subfield>
    <marcxml:subfield code="v">Comic books, strips, etc.</marcxml:subfield>
  </marcxml:datafield>
  <marcxml:datafield ind1=" " ind2="0" tag="651">
    <marcxml:subfield code="a">Great Britain</marcxml:subfield>
    <marcxml:subfield code="x">History</marcxml:subfield>
    <marcxml:subfield code="y">Mary I, 1553-1558</marcxml:subfield>
    <marcxml:subfield code="v">Comic books, strips, etc.</marcxml:subfield>
  </marcxml:datafield>
  <marcxml:datafield ind1=" " ind2="0" tag="655">
    <marcxml:subfield code="a">Cartoons and comics.</marcxml:subfield>
  </marcxml:datafield>
  <marcxml:datafield ind1=" " ind2="1" tag="650">
    <marcxml:subfield code="a">Exiles</marcxml:subfield>
    <marcxml:subfield code="v">Fiction.</marcxml:subfield>
  </marcxml:datafield>
  <marcxml:datafield ind1=" " ind2="1" tag="650">
    <marcxml:subfield code="a">Convents</marcxml:subfield>
    <marcxml:subfield code="v">Fiction.</marcxml:subfield>
  </marcxml:datafield>
  <marcxml:datafield ind1=" " ind2="1" tag="650">
    <marcxml:subfield code="a">Kings, queens, rulers, etc.</marcxml:subfield>
    <marcxml:subfield code="v">Fiction.</marcxml:subfield>
  </marcxml:datafield>
  <marcxml:datafield ind1=" " ind2="1" tag="650">
    <marcxml:subfield code="a">Orphans</marcxml:subfield>
    <marcxml:subfield code="v">Fiction.</marcxml:subfield>
  </marcxml:datafield>
  <marcxml:datafield ind1=" " ind2="1" tag="650">
    <marcxml:subfield code="a">Friendship</marcxml:subfield>
    <marcxml:subfield code="v">Fiction.</marcxml:subfield>
  </marcxml:datafield>
  <marcxml:datafield ind1=" " ind2="1" tag="650">
    <marcxml:subfield code="a">Pretenders to the throne</marcxml:subfield>
    <marcxml:subfield code="v">Fiction.</marcxml:subfield>
  </marcxml:datafield>
  <marcxml:datafield ind1=" " ind2="1" tag="651">
    <marcxml:subfield code="a">Great Britain</marcxml:subfield>
    <marcxml:subfield code="x">History</marcxml:subfield>
    <marcxml:subfield code="y">Mary I, 1553-1558</marcxml:subfield>
    <marcxml:subfield code="v">Fiction.</marcxml:subfield>
  </marcxml:datafield>
  <marcxml:datafield ind1=" " ind2="7" tag="650">
    <marcxml:subfield code="a">JUVENILE FICTION / Comics &amp; Graphic Novels / Historical.</marcxml:subfield>
    <marcxml:subfield code="2">bisacsh</marcxml:subfield>
  </marcxml:datafield>
  <marcxml:datafield ind1=" " ind2="7" tag="650">
    <marcxml:subfield code="a">JUVENILE FICTION / Royalty.</marcxml:subfield>
    <marcxml:subfield code="2">bisacsh</marcxml:subfield>
  </marcxml:datafield>
  <marcxml:datafield ind1=" " ind2="7" tag="650">
    <marcxml:subfield code="a">JUVENILE FICTION / Girls &amp; Women.</marcxml:subfield>
    <marcxml:subfield code="2">bisacsh</marcxml:subfield>
  </marcxml:datafield>
  <marcxml:datafield ind1=" " ind2="7" tag="650">
    <marcxml:subfield code="a">Convents.</marcxml:subfield>
    <marcxml:subfield code="2">fast</marcxml:subfield>
    <marcxml:subfield code="0">(OCoLC)fst00877187</marcxml:subfield>
  </marcxml:datafield>
  <marcxml:datafield ind1=" " ind2="7" tag="650">
    <marcxml:subfield code="a">Exiles.</marcxml:subfield>
    <marcxml:subfield code="2">fast</marcxml:subfield>
    <marcxml:subfield code="0">(OCoLC)fst00918139</marcxml:subfield>
  </marcxml:datafield>
  <marcxml:datafield ind1=" " ind2="7" tag="650">
    <marcxml:subfield code="a">Female friendship.</marcxml:subfield>
    <marcxml:subfield code="2">fast</marcxml:subfield>
    <marcxml:subfield code="0">(OCoLC)fst00922609</marcxml:subfield>
  </marcxml:datafield>
  <marcxml:datafield ind1=" " ind2="7" tag="650">
    <marcxml:subfield code="a">Orphans.</marcxml:subfield>
    <marcxml:subfield code="2">fast</marcxml:subfield>
    <marcxml:subfield code="0">(OCoLC)fst01048433</marcxml:subfield>
  </marcxml:datafield>
  <marcxml:datafield ind1=" " ind2="7" tag="650">
    <marcxml:subfield code="a">Pretenders to the throne.</marcxml:subfield>
    <marcxml:subfield code="2">fast</marcxml:subfield>
    <marcxml:subfield code="0">(OCoLC)fst01076100</marcxml:subfield>
  </marcxml:datafield>
  <marcxml:datafield ind1=" " ind2="7" tag="650">
    <marcxml:subfield code="a">Queens.</marcxml:subfield>
    <marcxml:subfield code="2">fast</marcxml:subfield>
    <marcxml:subfield code="0">(OCoLC)fst01085637</marcxml:subfield>
  </marcxml:datafield>
  <marcxml:datafield ind1=" " ind2="7" tag="651">
    <marcxml:subfield code="a">Great Britain.</marcxml:subfield>
    <marcxml:subfield code="2">fast</marcxml:subfield>
    <marcxml:subfield code="0">(OCoLC)fst01204623</marcxml:subfield>
  </marcxml:datafield>
  <marcxml:datafield ind1=" " ind2="7" tag="648">
    <marcxml:subfield code="a">1553-1558</marcxml:subfield>
    <marcxml:subfield code="2">fast</marcxml:subfield>
  </marcxml:datafield>
  <marcxml:datafield ind1=" " ind2="7" tag="655">
    <marcxml:subfield code="a">Alternative histories (Fiction)</marcxml:subfield>
    <marcxml:subfield code="2">fast</marcxml:subfield>
    <marcxml:subfield code="0">(OCoLC)fst01921576</marcxml:subfield>
  </marcxml:datafield>
  <marcxml:datafield ind1=" " ind2="7" tag="655">
    <marcxml:subfield code="a">Comic books, strips, etc.</marcxml:subfield>
    <marcxml:subfield code="2">fast</marcxml:subfield>
    <marcxml:subfield code="0">(OCoLC)fst01423722</marcxml:subfield>
  </marcxml:datafield>
  <marcxml:datafield ind1=" " ind2="7" tag="655">
    <marcxml:subfield code="a">Graphic novels.</marcxml:subfield>
    <marcxml:subfield code="2">fast</marcxml:subfield>
    <marcxml:subfield code="0">(OCoLC)fst01726630</marcxml:subfield>
  </marcxml:datafield>
  <marcxml:datafield ind1=" " ind2="7" tag="655">
    <marcxml:subfield code="a">Historical comics.</marcxml:subfield>
    <marcxml:subfield code="2">fast</marcxml:subfield>
    <marcxml:subfield code="0">(OCoLC)fst01921682</marcxml:subfield>
  </marcxml:datafield>
  <marcxml:datafield ind1=" " ind2="7" tag="655">
    <marcxml:subfield code="a">History.</marcxml:subfield>
    <marcxml:subfield code="2">fast</marcxml:subfield>
    <marcxml:subfield code="0">(OCoLC)fst01411628</marcxml:subfield>
  </marcxml:datafield>
  <marcxml:datafield ind1=" " ind2="7" tag="655">
    <marcxml:subfield code="a">Comics (Graphic works)</marcxml:subfield>
    <marcxml:subfield code="2">lcgft</marcxml:subfield>
  </marcxml:datafield>
  <marcxml:datafield ind1=" " ind2="7" tag="655">
    <marcxml:subfield code="a">Graphic novels.</marcxml:subfield>
    <marcxml:subfield code="2">lcgft</marcxml:subfield>
  </marcxml:datafield>
  <marcxml:datafield ind1=" " ind2="7" tag="655">
    <marcxml:subfield code="a">Alternative histories (Fiction)</marcxml:subfield>
    <marcxml:subfield code="2">lcgft</marcxml:subfield>
  </marcxml:datafield>
  <marcxml:datafield ind1=" " ind2="7" tag="655">
    <marcxml:subfield code="a">Historical comics.</marcxml:subfield>
    <marcxml:subfield code="2">lcgft</marcxml:subfield>
  </marcxml:datafield>
</marcxml:record>
